@Article{main,
title = {Chiral selection in wrapping, crossover, and braiding of DNA mediated by asymmetric bend-writhe elasticity},
journal = {AIMS Biophysics},
volume = {2},
number = {4},
pages = {666-694},
year = {2015},
issn = {2377-9098},
doi = {10.3934/biophy.2015.4.666},
author = {Tomohiro Yanao and  Sosuke Sano and  Kenichi Yoshikawa}
}


@book{1,
  title={Molecular Biology of the Gene},
  author={Watson, J.D.},
  isbn={9780321762436},
  lccn={2012046093},
  series={Always learning},
  url={https://books.google.it/books?id=BjuXMgEACAAJ},
  year={2014},
  publisher={Pearson}
}

@book{2,
author={Alberts, B. and Johnson, A. and Lewis, J. and Raff, M. and Roberts, K. and Walter, P.},
year={2007},
title={Molecular Biology of the Cell},
publisher={W.W. Norton \& Company},
url={https://doi.org/10.1201/9780203833445}
}

@Article{3,
author={Nishizaka, Takayuki
and Yagi, Toshiki
and Tanaka, Yuichiro
and Ishiwata, Shin'ichi},
title={Right-handed rotation of an actin filament in an in vitro motile system},
journal={Nature},
year={1993},
month={1},
day={01},
volume={361},
number={6409},
pages={269-271},
issn={1476-4687},
doi={10.1038/361269a0},
}

@article{10,
doi = {10.1088/0953-8984/15/19/203},
url = {https://dx.doi.org/10.1088/0953-8984/15/19/203},
year = {2003},
month = {5},
publisher = {},
volume = {15},
number = {19},
pages = {R699},
author = {Helmut Schiessel},
title = {The physics of chromatin},
journal = {Journal of Physics: Condensed Matter}
}

@article{16,
doi = {10.1088/0953-8984/18/50/003},
year = {2006},
month = {11},
volume = {18},
number = {50},
pages = {11429},
author = {A G Cherstvy and R Everaers},
title = {Layering, bundling, and azimuthal orientations in dense phases of nucleosome core
particles},
journal = {Journal of Physics: Condensed Matter},
}

@article{27,
author = {Walter, J.-C. and Baiesi, M. and Carlon, E. and Schiessel, H.},
title = {Unwinding Dynamics of a Helically Wrapped Polymer},
journal = {Macromolecules},
volume = {47},
number = {14},
pages = {4840-4846},
year = {2014},
doi = {10.1021/ma500635h},
}



@article{very_old,
  title = {Elastic origin of chiral selection in DNA wrapping},
  author = {Yanao, Tomohiro and Yoshikawa, Kenichi},
  journal = {Phys. Rev. E},
  volume = {77},
  issue = {2},
  pages = {021904},
  numpages = {11},
  year = {2008},
  month = {2},
  publisher = {American Physical Society},
  doi = {10.1103/PhysRevE.77.021904}
}

@article{old,
  title = {Chiral symmetry breaking of a double-stranded helical chain through bend-writhe coupling},
  author = {Yanao, Tomohiro and Yoshikawa, Kenichi},
  journal = {Phys. Rev. E},
  volume = {89},
  issue = {6},
  pages = {062713},
  numpages = {16},
  year = {2014},
  month = {6},
  publisher = {American Physical Society},
  doi = {10.1103/PhysRevE.89.062713}
}

@article{rod_1,
author={Zheng, Ming
and Jagota, Anand
and Semke, Ellen D.
and Diner, Bruce A.
and Mclean, Robert S.
and Lustig, Steve R.
and Richardson, Raymond E.
and Tassi, Nancy G.},
title={DNA-assisted dispersion and separation of carbon nanotubes},
journal={Nature Materials},
year={2003},
month={5},
day={01},
volume={2},
number={5},
pages={338-342},
issn={1476-4660},
doi={10.1038/nmat877}
}

@article{rod_2,
title = {Disruption of small double stranded DNA molecules on carbon nanotubes: A molecular dynamics study},
journal = {Chemical Physics Letters},
volume = {525-526},
pages = {120-124},
year = {2012},
issn = {0009-2614},
doi = {https://doi.org/10.1016/j.cplett.2011.12.077},
author = {Núria Alegret and Eva Santos and Antonio Rodríguez-Fortea and F. Xavier Rius and Josep M. Poblet}
}

@article{br_1,
    doi = {10.1371/journal.pone.0009326},
    author = {Timsit, Youri AND Várnai, Péter},
    journal = {PLOS ONE},
    publisher = {Public Library of Science},
    title = {Helical Chirality: a Link between Local Interactions and Global Topology in DNA},
    year = {2010},
    month = {02},
    volume = {5},
    pages = {1-12},
    number = {2},

}

@article{br_2,
    author = {Várnai, Péter and Timsit, Youri},
    title = "{Differential stability of DNA crossovers in solution mediated by divalent cations}",
    journal = {Nucleic Acids Research},
    volume = {38},
    number = {12},
    pages = {4163-4172},
    year = {2010},
    month = {03},
    issn = {0305-1048},
    doi = {10.1093/nar/gkq150}
}

@Article{br_3,
AUTHOR = {Timsit, Youri},
TITLE = {DNA Self-Assembly: From Chirality to Evolution},
JOURNAL = {International Journal of Molecular Sciences},
VOLUME = {14},
YEAR = {2013},
NUMBER = {4},
PAGES = {8252--8270},
PubMedID = {23591841},
ISSN = {1422-0067},
DOI = {10.3390/ijms14048252}
}

@article{br_4,
author = {Cortini, Ruggero and Kornyshev, A. and Lee, Dominic and Leikin, Sergey},
year = {2011},
month = {08},
pages = {875-84},
title = {Electrostatic Braiding and Homologous Pairing of DNA Double Helices},
volume = {101},
journal = {Biophysical journal},
doi = {10.1016/j.bpj.2011.06.058}
}

@Article{br_5,
author ="Lee, D. J. and Cortini, R. and Korte, A. P. and Starostin, E. L. and van der Heijden, G. H. M. and Kornyshev, A. A.",
title  ="Chiral effects in dual-DNA braiding",
journal  ="Soft Matter",
year  ="2013",
volume  ="9",
issue  ="41",
pages  ="9833-9848",
publisher  ="The Royal Society of Chemistry",
doi  ="10.1039/C3SM51573G"
}





